<record><leader>00000cas a22000007a 4500</leader><controlfield tag="001">15513446</controlfield><controlfield tag="008">870410d1986199ucaucr ne      0   a0eng d</controlfield><datafield ind1=" " ind2=" " tag="010"><subfield code="a">sn 87008261 </subfield></datafield><datafield ind1=" " ind2=" " tag="040"><subfield code="a">NSD</subfield><subfield code="b">eng</subfield><subfield code="c">NSD</subfield><subfield code="d">CNK</subfield><subfield code="d">OCLCQ</subfield><subfield code="d">OCLCF</subfield><subfield code="d">OCLCO</subfield></datafield><datafield ind1=" " ind2=" " tag="012"><subfield code="l">1</subfield><subfield code="m">1</subfield></datafield><datafield ind1="1" ind2=" " tag="022"><subfield code="a">0893-3464</subfield><subfield code="l">0893-3464</subfield><subfield code="2">1</subfield></datafield><datafield ind1="1" ind2=" " tag="029"><subfield code="a">AU@</subfield><subfield code="b">000025792941</subfield></datafield><datafield ind1=" " ind2=" " tag="032"><subfield code="a">661800</subfield><subfield code="b">USPS</subfield></datafield><datafield ind1=" " ind2=" " tag="037"><subfield code="b">The Vista Press, P.O. Box 2168, Vista, CA 92083</subfield></datafield><datafield ind1=" " ind2=" " tag="042"><subfield code="a">nsdp</subfield><subfield code="a">msc</subfield></datafield><datafield ind1=" " ind2=" " tag="043"><subfield code="a">n-us-ca</subfield></datafield><datafield ind1=" " ind2="4" tag="222"><subfield code="a">The Vista press</subfield></datafield><datafield ind1="0" ind2="4" tag="245"><subfield code="a">The Vista press.</subfield></datafield><datafield ind1="1" ind2=" " tag="246"><subfield code="i">Some Saturday issues published as:</subfield><subfield code="a">Vista press weekender</subfield><subfield code="f">July 11, 1987-Apr. 2, 1988</subfield></datafield><datafield ind1="1" ind2=" " tag="246"><subfield code="i">Some Saturday issues published as:</subfield><subfield code="a">Press-courier weekender</subfield><subfield code="f">July 11, 1987-Apr. 2, 1988</subfield></datafield><datafield ind1=" " ind2=" " tag="260"><subfield code="a">Vista, Calif. :</subfield><subfield code="b">Press-Courier Pub. Co.</subfield></datafield><datafield ind1=" " ind2=" " tag="300"><subfield code="a">v.</subfield></datafield><datafield ind1=" " ind2=" " tag="310"><subfield code="a">Semiweekly,</subfield><subfield code="b">Mar. 1, 1992-</subfield></datafield><datafield ind1=" " ind2=" " tag="321"><subfield code="a">Daily (except Sat.),</subfield><subfield code="b">Sept. 24, 1986-Feb. 28, 1992</subfield></datafield><datafield ind1="0" ind2=" " tag="362"><subfield code="a">Vol. 60, no. 352 (Sept. 24, 1986)-</subfield></datafield><datafield ind1=" " ind2="0" tag="651"><subfield code="a">San Marcos (Calif.)</subfield><subfield code="v">Newspapers.</subfield></datafield><datafield ind1=" " ind2="0" tag="651"><subfield code="a">Vista (Calif.)</subfield><subfield code="v">Newspapers.</subfield></datafield><datafield ind1=" " ind2="7" tag="655"><subfield code="a">Newspapers.</subfield><subfield code="2">fast</subfield><subfield code="0">(OCoLC)fst01423814</subfield></datafield><datafield ind1=" " ind2="7" tag="651"><subfield code="a">California</subfield><subfield code="z">San Marcos.</subfield><subfield code="2">fast</subfield><subfield code="0">(OCoLC)fst01221650</subfield></datafield><datafield ind1=" " ind2="7" tag="651"><subfield code="a">California</subfield><subfield code="z">Vista.</subfield><subfield code="2">fast</subfield><subfield code="0">(OCoLC)fst01228759</subfield></datafield><datafield ind1=" " ind2=" " tag="752"><subfield code="a">United States</subfield><subfield code="b">California</subfield><subfield code="c">San Diego</subfield><subfield code="d">Vista.</subfield></datafield><datafield ind1="0" ind2="0" tag="780"><subfield code="t">Vista's morning press</subfield><subfield code="w">(DLC)sn 98061269</subfield></datafield></record>